@online{ansible,
  author = {{Red Hat Inc.}},
  title = {{Ansible Project Website}},
  year = 2020,
  url = {https://www.ansible.com/},
  urldate = {2020-05-23}
}

@online{docker,
  author = {{Docker Inc.}},
  title = {{Docker Project Website}},
  year = 2020,
  url = {https://www.docker.com},
  urldate = {2020-05-23}
}

@online{couchdb,
  author = {{The Apache Software Foundation}},
  title = {{CouchDB Project Website}},
  year = 2020,
  url = {https://couchdb.apache.org},
  urldate = {2020-05-23}
}

@online{unimelb_research_cloud,
  author = {{The University of Melbourne}},
  title = {{The University of Melbourne Research Cloud Website}},
  year = 2020,
  url = {https://docs.cloud.unimelb.edu.au},
  urldate = {2020-05-23}
}

@online{openstack,
  author = {{The OpenStack Foundation}},
  title = {{OpenStack Project Website}},
  year = 2020,
  url = {https://www.openstack.org},
  urldate = {2020-05-23}
}

@online{aurin_cer_dataset,
  author = {{Government of the Commonwealth of Australia - Clean Energy Regulator}},
  title = {{CER - Small-scale Installations - Solar Water Heater - Solar Panel (POA) 2001-2018}},
  year = 2019,
  url = {https://aurin.org.au},
  urldate = {2020-05-23}
}
@online{tweepy,
  author = {{Tweepy}},
  title = {{Tweepy Project Website}},
  year = 2020,
  url = {http://www.tweepy.org/},
  urldate = {2020-05-23}
}
@online{geopy,
  author = {{Geopy}},
  title = {{Geopy Project Website}},
  year = 2020,
  url = {https://github.com/geopy/geopy},
  urldate = {2020-05-23}
}

@online{nano,
  author = {{Nano}},
  title = {{Offical Apache CouchDB library for Node.js}},
  year = 2020,
  url = {https://www.npmjs.com/package/nano},
  urldate = {2020-05-23}
}

@online{mapshaper,
    title = "mapshaper",
    url = "https://mapshaper.org/",
    year = 2020,
    urldate = {2020-05-25}
}


@online{solar_energy_australia,
    title = {{Solar Energy - Australian Renewable Energy Agency}},
    url = "https://arena.gov.au/renewable-energy/solar/",
    author = {{Australia Renewable Energy Agency}},
    year = 2020,
    urldate = {2020-05-23}
}

@online{age_statistics,
    title = {Australia growing greyer},
    url = "https://www.abs.gov.au/AUSSTATS/abs@.nsf/mediareleasesbytitle/DF79EBB9029669E8CA2581870037A4D8?OpenDocument",
    author = "{Australian Bureau of Statistics}",
    year = 2016,
    urldate = {2020-05-25}
}

@online{clean_energy_australia,
    title = {{Solar Energy Facts}},
    url = {https://www.cleanenergycouncil.org.au/resources/technologies/solar-energy},
    author = {{Clean Energy Council}},
    year = 2020,
    urldate = {2020-05-23}
}

@article{sinnott2015australia,
  title={{The Australia Urban Research Gateway}},
  author={Sinnott, Richard O and Bayliss, Christopher and Bromage, Andrew and Galang, Gerson and Grazioli, Guido and Greenwood, Philip and Macaulay, Angus and Morandini, Luca and Nogoorani, Ghazal and Nino-Ruiz, Marcos and others}},
  journal={{Concurrency and Computation: Practice and Experience}},
  year = 2020,
  volume={27},
  number={2},
  pages={358--375},
  publisher={Wiley Online Library}
}

 @techreport{rfc7946,
   AUTHOR = {Butler, H. and Hobu Inc. and Daly, M. and Cadcorp and Doyle A.},
   TITLE = "{The GeoJSON Format}",
   HOWPUBLISHED = {Internet Requests for Comments},
   TYPE="{RFC}",
   NUMBER=7946,
   PAGES = {1-56},
   YEAR = {2016},
   MONTH = {8},
   ISSN = {2070-1721},
   PUBLISHER = "{RFC Editor}",
   INSTITUTION = "{RFC Editor}",
   URL={https://tools.ietf.org/html/rfc7946}
   }